<?xml version="1.0" encoding="UTF-8"?><collection xmlns="http://www.loc.gov/MARC21/slim"><record><leader>00405nam--2200121-i-4500</leader><controlfield tag="001">000045619</controlfield><controlfield tag="002">20161230</controlfield><controlfield tag="005">20161230201045</controlfield><controlfield tag="008">060222s1000------------r-----000-0-eng-d</controlfield><datafield ind1=" " ind2=" " tag="080"><subfield code="a">621.039.8(73:061.3)</subfield></datafield><datafield ind1=" " ind2=" " tag="245"><subfield code="a">U.s. papers for the fourth united nations international conference on the peaceful uses of atomic energy. geneva, switzerland september 6-16, 1971</subfield></datafield><datafield ind1=" " ind2=" " tag="260"><subfield code="a">F. Loc, F. Editura</subfield></datafield><datafield ind1=" " ind2=" " tag="852"><subfield code="a">45107</subfield></datafield></record></collection>